@book{gilmore2005afterburn,
  title={AfterBurn: Reflections on burning man},
  author={Gilmore, Lee and Van Proyen, Mark},
  year={2005},
  publisher={UNM Press}
}

@misc{николаева2008фестиваль,
  title={Фестиваль как этап эволюции праздничной культуры},
  author={Николаева, ПВ},
  journal={Культурная жизнь Юга России},
  number={2},
  pages={144--146},
  year={2008},
  publisher={Федеральное государственное бюджетное образовательное учреждение высшего~…}
}

@article{ньюман1998неопросные,
  title={Неопросные методы исследования},
  author={Ньюман, Л},
  journal={Социологические исследования},
  volume={6},
  year={1998}
}

@article{тихомирова2016фестиваль,
  title={Фестиваль как форма социально-культурной деятельности},
  author={Тихомирова, ГЮ},
  journal={Вестник Таганрогского института имени АП Чехова},
  number={1},
  pages={242--246},
  year={2016},
  publisher={Таганрогский институт имени АП Чехова (филиал){\guillemotleft}Ростовского государственного~…}
}

@book{фасмер1964этимологический,
  title={Этимологический словарь русского языка},
  author={Фасмер, Макс and Ларин, Борис Александрович and Трубачев, Олег Николаевич},
  year={1964},
  publisher={Прогресс}
}